<?xml version="1.0" encoding="UTF-8"?>
<Document xmlns="urn:iso:std:iso:20022:tech:xsd:camt.053.001.09">
    <BkToCstmrStmt>
        <GrpHdr>
            <MsgId>AAAASESS-FP-STAT001</MsgId>
            <CreDtTm>2015-10-18T17:00:00+01:00</CreDtTm>
            <MsgPgntn>
                <PgNb>1</PgNb>
                <LastPgInd>true</LastPgInd>
            </MsgPgntn>
        </GrpHdr>
        <Stmt>
            <Id>AAAASESS-FP-STAT001</Id>
            <CreDtTm>2015-10-18T17:00:00+01:00</CreDtTm>
            <FrToDt>
                <FrDtTm>2015-10-18T08:00:00+01:00</FrDtTm>
                <ToDtTm>2015-10-18T17:00:00+01:00</ToDtTm>
            </FrToDt>
            <Acct>
                <Id>
                    <Othr>
                        <Id>50000000054910000003</Id>
                    </Othr>
                </Id>
                <Ownr>
                    <Nm>FINPETROL</Nm>
                </Ownr>
                <Svcr>
                    <FinInstnId>
                        <Nm>AAAA BANKEN</Nm>
                        <PstlAdr>
                            <Ctry>SE</Ctry>
                        </PstlAdr>
                    </FinInstnId>
                </Svcr>
            </Acct>
            <Bal>
                <Tp>
                    <CdOrPrtry>
                        <Cd>OPBD</Cd>
                    </CdOrPrtry>
                </Tp>
                <Amt Ccy="SEK">500000</Amt>
                <CdtDbtInd>CRDT</CdtDbtInd>
                <Dt>
                    <Dt>2015-10-15</Dt>
                </Dt>
            </Bal>
            <Bal>
                <Tp>
                    <CdOrPrtry>
                        <Cd>CLBD</Cd>
                    </CdOrPrtry>
                </Tp>
                <Amt Ccy="SEK">435678.50</Amt>
                <CdtDbtInd>CRDT</CdtDbtInd>
                <Dt>
                    <Dt>2015-10-18</Dt>
                </Dt>
            </Bal>
            <Ntry>
                <Amt Ccy="SEK">105678.50</Amt>
                <CdtDbtInd>CRDT</CdtDbtInd>
                <Sts>
                    <Cd>BOOK</Cd>
                </Sts>
                <BookgDt>
                    <DtTm>2015-10-18T13:15:00+01:00</DtTm>
                </BookgDt>
                <ValDt>
                    <Dt>2015-10-18</Dt>
                </ValDt>
                <AcctSvcrRef>AAAASESS-FP-CN_98765/01</AcctSvcrRef>
                <BkTxCd>
                    <Domn>
                        <Cd>PMNT</Cd>
                        <Fmly>
                            <Cd>RCDT</Cd>
                            <SubFmlyCd>BOOK</SubFmlyCd>
                        </Fmly>
                    </Domn>
                </BkTxCd>
                <NtryDtls>
                    <TxDtls>
                        <Refs>
                            <EndToEndId>MUELL/FINP/RA12345</EndToEndId>
                        </Refs>
                        <Amt Ccy="SEK">0</Amt>
                        <CdtDbtInd>CRDT</CdtDbtInd>
                        <RltdPties>
                            <Dbtr>
                                <Pty>
                                    <Nm>MUELLER</Nm>
                                </Pty>
                            </Dbtr>
                        </RltdPties>
                    </TxDtls>
                </NtryDtls>
            </Ntry>
            <Ntry>
                <Amt Ccy="SEK">200000</Amt>
                <CdtDbtInd>DBIT</CdtDbtInd>
                <Sts>
                    <Cd>BOOK</Cd>
                </Sts>
                <BookgDt>
                    <DtTm>2015-10-18T10:15:00+01:00</DtTm>
                </BookgDt>
                <ValDt>
                    <Dt>2015-10-18</Dt>
                </ValDt>
                <AcctSvcrRef>AAAASESS-FP-ACCR-01</AcctSvcrRef>
                <BkTxCd>
                    <Domn>
                        <Cd>PMNT</Cd>
                        <Fmly>
                            <Cd>ICDT</Cd>
                            <SubFmlyCd>DMCT</SubFmlyCd>
                        </Fmly>
                    </Domn>
                </BkTxCd>
                <NtryDtls>
                    <Btch>
                        <MsgId>FINP-0055</MsgId>
                        <PmtInfId>FINP-0055/001</PmtInfId>
                        <NbOfTxs>20</NbOfTxs>
                    </Btch>
                </NtryDtls>
            </Ntry>
            <Ntry>
                <Amt Ccy="SEK">30000</Amt>
                <CdtDbtInd>CRDT</CdtDbtInd>
                <Sts>
                    <Cd>BOOK</Cd>
                </Sts>
                <BookgDt>
                    <DtTm>2015-10-18T15:15:00+01:00</DtTm>
                </BookgDt>
                <ValDt>
                    <Dt>2015-10-18</Dt>
                </ValDt>
                <AcctSvcrRef>AAAASESS-FP-CONF-FX</AcctSvcrRef>
                <BkTxCd>
                    <Domn>
                        <Cd>PMNT</Cd>
                        <Fmly>
                            <Cd>RCDT</Cd>
                            <SubFmlyCd>XBCT</SubFmlyCd>
                        </Fmly>
                    </Domn>
                </BkTxCd>
                <NtryDtls>
                    <TxDtls>
                        <Refs>
                            <InstrId>FP-004567-FX</InstrId>
                            <EndToEndId>AAAASS1085FINPSS</EndToEndId>
                        </Refs>
                        <Amt Ccy="EUR">3255</Amt>
                        <CdtDbtInd>CRDT</CdtDbtInd>
                        <AmtDtls>
                            <CntrValAmt>
                                <Amt Ccy="EUR">3255</Amt>
                                <CcyXchg>
                                    <SrcCcy>EUR</SrcCcy>
                                    <XchgRate>0.1085</XchgRate>
                                </CcyXchg>
                            </CntrValAmt>
                        </AmtDtls>
                    </TxDtls>
                </NtryDtls>
            </Ntry>
        </Stmt>
    </BkToCstmrStmt>
</Document>
